<?xml version="1.0" encoding="UTF-8"?><collection xmlns="http://www.loc.gov/MARC21/slim"><record><leader>00319nam--2200121-i-4500</leader><controlfield tag="001">000023198</controlfield><controlfield tag="002">20161230</controlfield><controlfield tag="005">20161230201034</controlfield><controlfield tag="008">060222s1000------------r-----000-0-eng-d</controlfield><datafield ind1=" " ind2=" " tag="245"><subfield code="a">Modern developments in powder metallurgy</subfield></datafield><datafield ind1=" " ind2=" " tag="260"><subfield code="a">New York, Plenum Press, 1966. Xii + 350 P</subfield></datafield><datafield ind1=" " ind2=" " tag="700"><subfield code="a">Hausner, Henry H</subfield></datafield><datafield ind1=" " ind2=" " tag="852"><subfield code="a">36673</subfield></datafield></record></collection>